<?xml version="1.0" encoding="UTF-8"?><record xmlns="http://www.loc.gov/MARC21/slim" xmlns:cinclude="http://apache.org/cocoon/include/1.0" xmlns:zs="http://www.loc.gov/zing/srw/">
  <leader>00600cz  a2200157n  4500</leader>
  <controlfield tag="001">n  85053265 </controlfield>
  <controlfield tag="003">DLC</controlfield>
  <controlfield tag="005">20080707075819.0</controlfield>
  <controlfield tag="008">850510n| acannaabn          |n aaa      </controlfield>
  <datafield tag="010" ind1=" " ind2=" ">
    <subfield code="a">n  85053265 </subfield>
  </datafield>
  <datafield tag="035" ind1=" " ind2=" ">
    <subfield code="a">(OCoLC)oca01338951</subfield>
  </datafield>
  <datafield tag="040" ind1=" " ind2=" ">
    <subfield code="a">CU</subfield>
    <subfield code="b">eng</subfield>
    <subfield code="c">DLC</subfield>
    <subfield code="d">DLC</subfield>
    <subfield code="d">OCoLC</subfield>
  </datafield>
  <datafield tag="100" ind1="1" ind2=" ">
    <subfield code="a">Savinel, Pierre</subfield>
  </datafield>
  <datafield tag="670" ind1=" " ind2=" ">
    <subfield code="a">Arrian. Selections. French. 1984. Histoire d'Alexandre, c1984:</subfield>
    <subfield code="b">t.p. (Pierre Savinel)</subfield>
  </datafield>
  <datafield tag="670" ind1=" " ind2=" ">
    <subfield code="a">LC data base, 4/17/85</subfield>
    <subfield code="b">(hdg.: Savinel, Pierre)</subfield>
  </datafield>
  <datafield tag="670" ind1=" " ind2=" ">
    <subfield code="a">His Moreau, rival reĚpublicain de Bonaparte, c1986:</subfield>
    <subfield code="b">t.p. (Pierre Savinel) p. 4 of cover (b. 1914, professeur, Greco-Latin studies)</subfield>
  </datafield>
</record>